<?xml version="1.0" encoding="UTF-8"?>
<record>
  <leader>01444nam a2200433 c 4500</leader>
  <controlfield tag="003">DE-605</controlfield>
  <controlfield tag="007">tu</controlfield>
  <controlfield tag="008">240624s2088    gw a|||  |||| 00||| ger c</controlfield>
  <controlfield tag="005">20240624124718.0</controlfield>
  <controlfield tag="001">99374153235806441</controlfield>
  <datafield tag="016" ind1="7" ind2=" ">
    <subfield code="a">1032693502</subfield>
    <subfield code="2">(OCoLC)</subfield>
  </datafield>
  <datafield tag="020" ind1=" " ind2=" ">
    <subfield code="a">9783849017446</subfield>
    <subfield code="9">978-3-8490-1744-6</subfield>
  </datafield>
  <datafield tag="028" ind1="5" ind2="2">
    <subfield code="a">1657001</subfield>
  </datafield>
  <datafield tag="035" ind1=" " ind2=" ">
    <subfield code="a">(OCoLC)1032693502</subfield>
  </datafield>
  <datafield tag="035" ind1=" " ind2=" ">
    <subfield code="a">(DE-599)BVBBV044913359</subfield>
  </datafield>
  <datafield tag="035" ind1=" " ind2=" ">
    <subfield code="a">(DE-604)BV044913359</subfield>
  </datafield>
  <datafield tag="040" ind1=" " ind2=" ">
    <subfield code="a">DE-6</subfield>
    <subfield code="b">ger</subfield>
    <subfield code="c">DE-6</subfield>
    <subfield code="d">DE-6</subfield>
    <subfield code="e">rda</subfield>
  </datafield>
  <datafield tag="041" ind1=" " ind2=" ">
    <subfield code="a">ger</subfield>
  </datafield>
  <datafield tag="044" ind1=" " ind2=" ">
    <subfield code="c">XA-DE-BY</subfield>
  </datafield>
  <datafield tag="100" ind1="1" ind2=" ">
    <subfield code="a">Hild, Sabine</subfield>
    <subfield code="4">aut</subfield>
  </datafield>
  <datafield tag="245" ind1="1" ind2="0">
    <subfield code="a">Biologie 10. Klasse</subfield>
    <subfield code="b">Thüringen</subfield>
    <subfield code="c">Autoren: Dr. Sabine Hild und Dr. Petra Schmid</subfield>
  </datafield>
  <datafield tag="250" ind1=" " ind2=" ">
    <subfield code="a">1. Auflage</subfield>
  </datafield>
  <datafield tag="264" ind1=" " ind2="1">
    <subfield code="a">[München]</subfield>
    <subfield code="b">Stark</subfield>
    <subfield code="c">2008</subfield>
  </datafield>
  <datafield tag="300" ind1=" " ind2=" ">
    <subfield code="a">IX, 117 Seiten</subfield>
    <subfield code="b">Illustrationen, Diagramme</subfield>
  </datafield>
  <datafield tag="336" ind1=" " ind2=" ">
    <subfield code="b">txt</subfield>
  </datafield>
  <datafield tag="337" ind1=" " ind2=" ">
    <subfield code="b">n</subfield>
  </datafield>
  <datafield tag="338" ind1=" " ind2=" ">
    <subfield code="b">nc</subfield>
  </datafield>
  <datafield tag="490" ind1="0" ind2=" ">
    <subfield code="a">BLF, Übungsaufgaben mit Lösungen</subfield>
  </datafield>
  <datafield tag="689" ind1="0" ind2="0">
    <subfield code="a">Thüringen</subfield>
    <subfield code="D">g</subfield>
    <subfield code="0">(DE-588)4059979-6</subfield>
    <subfield code="B">GND-040599795</subfield>
  </datafield>
  <datafield tag="689" ind1="0" ind2="1">
    <subfield code="a">Gymnasium</subfield>
    <subfield code="D">s</subfield>
    <subfield code="0">(DE-588)4022648-7</subfield>
    <subfield code="B">GND-040226484</subfield>
  </datafield>
  <datafield tag="689" ind1="0" ind2="2">
    <subfield code="a">Schuljahr 10</subfield>
    <subfield code="D">s</subfield>
    <subfield code="0">(DE-588)4053512-5</subfield>
    <subfield code="B">GND-040535126</subfield>
  </datafield>
  <datafield tag="689" ind1="0" ind2="3">
    <subfield code="a">Besondere Leistungsfeststellung</subfield>
    <subfield code="D">s</subfield>
    <subfield code="0">(DE-588)7539942-8</subfield>
    <subfield code="B">GND-980952395</subfield>
  </datafield>
  <datafield tag="689" ind1="0" ind2="4">
    <subfield code="a">Biologieunterricht</subfield>
    <subfield code="D">s</subfield>
    <subfield code="0">(DE-588)4006855-9</subfield>
    <subfield code="B">GND-040068552</subfield>
  </datafield>
  <datafield tag="689" ind1="0" ind2="5">
    <subfield code="a">Lehrmittel</subfield>
    <subfield code="A">f</subfield>
  </datafield>
  <datafield tag="689" ind1="0" ind2=" ">
    <subfield code="5">DE-604</subfield>
  </datafield>
  <datafield tag="700" ind1="1" ind2=" ">
    <subfield code="a">Schmidt, Petra</subfield>
    <subfield code="d">1967-</subfield>
    <subfield code="0">(DE-588)123326311</subfield>
    <subfield code="4">aut</subfield>
    <subfield code="0">https://d-nb.info/gnd/123326311</subfield>
    <subfield code="0">http://viaf.org/viaf/13213916</subfield>
    <subfield code="B">GND-123326311</subfield>
  </datafield>
  <datafield tag="500" ind1=" " ind2=" ">
    <subfield code="a">Hier auch später erschienene, unveränderte Nachdrucke</subfield>
  </datafield>
  <datafield tag="500" ind1=" " ind2=" ">
    <subfield code="a">Titelzusatz auf dem Buchrücken: Gymnasium Thüringen</subfield>
  </datafield>
  <datafield tag="035" ind1=" " ind2=" ">
    <subfield code="a">(DE-605)HT030775935</subfield>
  </datafield>
  <datafield tag="MBD" ind1=" " ind2=" ">
    <subfield code="M">49HBZ_NETWORK</subfield>
    <subfield code="i">99374153235806441</subfield>
    <subfield code="n">HBZ Network</subfield>
  </datafield>
  <datafield tag="MBD" ind1=" " ind2=" ">
    <subfield code="M">49HBZ_ULM</subfield>
    <subfield code="i">991045071152406449</subfield>
    <subfield code="n">Universität Münster</subfield>
  </datafield>
  <datafield tag="MNG" ind1=" " ind2=" ">
    <subfield code="c">System</subfield>
    <subfield code="f">B3Kat (BVB + KOBV) NZ</subfield>
    <subfield code="i">marc21</subfield>
    <subfield code="l">76</subfield>
    <subfield code="k">01</subfield>
    <subfield code="e">false</subfield>
    <subfield code="d">2024-06-25 04:06:40 Europe/Berlin</subfield>
    <subfield code="g">99374153235806441</subfield>
    <subfield code="j">60</subfield>
    <subfield code="a">i_vogt01######49HBZ_ULM</subfield>
    <subfield code="b">2024-06-24 12:47:18 Europe/Berlin</subfield>
  </datafield>
  <datafield tag="H52" ind1="8" ind2=" ">
    <subfield code="b">DBIO</subfield>
    <subfield code="c">DBIO_BIB</subfield>
    <subfield code="h">De 114</subfield>
    <subfield code="8">22684126350006449</subfield>
  </datafield>
  <datafield tag="HOL" ind1=" " ind2=" ">
    <subfield code="d">2024-06-24 10:48:48</subfield>
    <subfield code="8">22684126350006449</subfield>
    <subfield code="b">2024-06-24 10:48:00</subfield>
    <subfield code="M">49HBZ_ULM</subfield>
    <subfield code="g">false</subfield>
    <subfield code="a">i_vogt01</subfield>
    <subfield code="c">i_vogt01</subfield>
  </datafield>
  <datafield tag="ITM" ind1=" " ind2=" ">
    <subfield code="H">22684126350006449</subfield>
    <subfield code="x">DBIO_BIB</subfield>
    <subfield code="f">BOOK</subfield>
    <subfield code="v">DBIO_BIB</subfield>
    <subfield code="X">i_vogt01</subfield>
    <subfield code="U">2024-06-24 12:51:00 Europe/Berlin</subfield>
    <subfield code="Y">2024-06-24 12:51:10 Europe/Berlin</subfield>
    <subfield code="J">Vorliegende Ausgabe:  © 2021</subfield>
    <subfield code="M">49HBZ_ULM</subfield>
    <subfield code="s">1</subfield>
    <subfield code="d">8</subfield>
    <subfield code="V">i_vogt01</subfield>
    <subfield code="b">ULB0183694</subfield>
    <subfield code="a">23684126300006449</subfield>
    <subfield code="c">De 114</subfield>
    <subfield code="B">166/24</subfield>
    <subfield code="W">2024-06-24 12:49:18 Europe/Berlin</subfield>
    <subfield code="u">DBIO</subfield>
    <subfield code="w">DBIO</subfield>
  </datafield>
  <datafield tag="GST" ind1=" " ind2=" ">
    <subfield code="a">Biologie</subfield>
    <subfield code="x">Unterricht</subfield>
    <subfield code="A">GND</subfield>
    <subfield code="B">GND-040068552</subfield>
    <subfield code="C">450</subfield>
  </datafield>
  <datafield tag="GST" ind1=" " ind2=" ">
    <subfield code="a">Biologie</subfield>
    <subfield code="x">Didaktik</subfield>
    <subfield code="A">GND</subfield>
    <subfield code="B">GND-040068552</subfield>
    <subfield code="C">450</subfield>
  </datafield>
  <datafield tag="GST" ind1=" " ind2=" ">
    <subfield code="a">Biologiedidaktik</subfield>
    <subfield code="A">GND</subfield>
    <subfield code="B">GND-040068552</subfield>
    <subfield code="C">450</subfield>
  </datafield>
  <datafield tag="GST" ind1=" " ind2=" ">
    <subfield code="a">Naturkundeunterricht</subfield>
    <subfield code="g">Biologieunterricht</subfield>
    <subfield code="A">GND</subfield>
    <subfield code="B">GND-040068552</subfield>
    <subfield code="C">450</subfield>
  </datafield>
  <datafield tag="GSI" ind1="7" ind2=" ">
    <subfield code="a">4006855-9</subfield>
    <subfield code="0">http://d-nb.info/gnd/4006855-9</subfield>
    <subfield code="2">gnd</subfield>
    <subfield code="A">GND</subfield>
    <subfield code="B">GND-040068552</subfield>
    <subfield code="C">024</subfield>
  </datafield>
  <datafield tag="GST" ind1=" " ind2=" ">
    <subfield code="a">BLF</subfield>
    <subfield code="A">GND</subfield>
    <subfield code="B">GND-980952395</subfield>
    <subfield code="C">450</subfield>
  </datafield>
  <datafield tag="GSI" ind1="7" ind2=" ">
    <subfield code="a">http://d-nb.info/gnd/7539942-8</subfield>
    <subfield code="2">uri</subfield>
    <subfield code="A">GND</subfield>
    <subfield code="B">GND-980952395</subfield>
    <subfield code="C">024</subfield>
  </datafield>
  <datafield tag="GSI" ind1="7" ind2=" ">
    <subfield code="a">4053512-5</subfield>
    <subfield code="0">http://d-nb.info/gnd/4053512-5</subfield>
    <subfield code="2">gnd</subfield>
    <subfield code="A">GND</subfield>
    <subfield code="B">GND-040535126</subfield>
    <subfield code="C">024</subfield>
  </datafield>
  <datafield tag="GST" ind1=" " ind2=" ">
    <subfield code="a">Schuljahr 5-13</subfield>
    <subfield code="A">GND</subfield>
    <subfield code="B">GND-040226484</subfield>
    <subfield code="C">450</subfield>
  </datafield>
  <datafield tag="GST" ind1=" " ind2=" ">
    <subfield code="a">Gymnasien</subfield>
    <subfield code="A">GND</subfield>
    <subfield code="B">GND-040226484</subfield>
    <subfield code="C">450</subfield>
  </datafield>
  <datafield tag="GST" ind1=" " ind2=" ">
    <subfield code="a">Höhere Mittelschule</subfield>
    <subfield code="A">GND</subfield>
    <subfield code="B">GND-040226484</subfield>
    <subfield code="C">450</subfield>
  </datafield>
  <datafield tag="GST" ind1=" " ind2=" ">
    <subfield code="a">Maturitätsschule</subfield>
    <subfield code="A">GND</subfield>
    <subfield code="B">GND-040226484</subfield>
    <subfield code="C">450</subfield>
  </datafield>
  <datafield tag="GST" ind1=" " ind2=" ">
    <subfield code="a">Lycée</subfield>
    <subfield code="A">GND</subfield>
    <subfield code="B">GND-040226484</subfield>
    <subfield code="C">450</subfield>
  </datafield>
  <datafield tag="GST" ind1=" " ind2=" ">
    <subfield code="a">Grammar school</subfield>
    <subfield code="A">GND</subfield>
    <subfield code="B">GND-040226484</subfield>
    <subfield code="C">450</subfield>
  </datafield>
  <datafield tag="GST" ind1=" " ind2=" ">
    <subfield code="a">Mittelschule</subfield>
    <subfield code="g">Österreich, Anfänge-1962</subfield>
    <subfield code="A">GND</subfield>
    <subfield code="B">GND-040226484</subfield>
    <subfield code="C">450</subfield>
  </datafield>
  <datafield tag="GST" ind1=" " ind2=" ">
    <subfield code="a">Oberschule Wissenschaftlicher Zweig</subfield>
    <subfield code="A">GND</subfield>
    <subfield code="B">GND-040226484</subfield>
    <subfield code="C">450</subfield>
  </datafield>
  <datafield tag="GSI" ind1="7" ind2=" ">
    <subfield code="a">4022648-7</subfield>
    <subfield code="0">http://d-nb.info/gnd/4022648-7</subfield>
    <subfield code="2">gnd</subfield>
    <subfield code="A">GND</subfield>
    <subfield code="B">GND-040226484</subfield>
    <subfield code="C">024</subfield>
  </datafield>
  <datafield tag="GSI" ind1="7" ind2=" ">
    <subfield code="a">4059979-6</subfield>
    <subfield code="0">http://d-nb.info/gnd/4059979-6</subfield>
    <subfield code="2">gnd</subfield>
    <subfield code="A">GND</subfield>
    <subfield code="B">GND-040599795</subfield>
    <subfield code="C">024</subfield>
  </datafield>
  <datafield tag="GSI" ind1="7" ind2=" ">
    <subfield code="a">2822542</subfield>
    <subfield code="2">geonames</subfield>
    <subfield code="A">GND</subfield>
    <subfield code="B">GND-040599795</subfield>
    <subfield code="C">024</subfield>
  </datafield>
  <datafield tag="GGN" ind1=" " ind2=" ">
    <subfield code="a">Freistaat Thüringen</subfield>
    <subfield code="A">GND</subfield>
    <subfield code="B">GND-040599795</subfield>
    <subfield code="C">451</subfield>
  </datafield>
  <datafield tag="GGN" ind1=" " ind2=" ">
    <subfield code="a">Land Thüringen</subfield>
    <subfield code="A">GND</subfield>
    <subfield code="B">GND-040599795</subfield>
    <subfield code="C">451</subfield>
  </datafield>
  <datafield tag="GGN" ind1=" " ind2=" ">
    <subfield code="a">Thuringia</subfield>
    <subfield code="A">GND</subfield>
    <subfield code="B">GND-040599795</subfield>
    <subfield code="C">451</subfield>
  </datafield>
  <datafield tag="GGN" ind1=" " ind2=" ">
    <subfield code="a">Thüringer Land</subfield>
    <subfield code="A">GND</subfield>
    <subfield code="B">GND-040599795</subfield>
    <subfield code="C">451</subfield>
  </datafield>
  <datafield tag="GGN" ind1=" " ind2=" ">
    <subfield code="a">Großthüringen</subfield>
    <subfield code="A">GND</subfield>
    <subfield code="B">GND-040599795</subfield>
    <subfield code="C">451</subfield>
  </datafield>
  <datafield tag="GGN" ind1=" " ind2=" ">
    <subfield code="a">Grossthüringen</subfield>
    <subfield code="A">GND</subfield>
    <subfield code="B">GND-040599795</subfield>
    <subfield code="C">451</subfield>
  </datafield>
  <datafield tag="GGN" ind1=" " ind2=" ">
    <subfield code="a">Großgemarkung Thüringen</subfield>
    <subfield code="A">GND</subfield>
    <subfield code="B">GND-040599795</subfield>
    <subfield code="C">451</subfield>
  </datafield>
  <datafield tag="GGN" ind1=" " ind2=" ">
    <subfield code="a">Vereinigte Thüringische Staaten</subfield>
    <subfield code="A">GND</subfield>
    <subfield code="B">GND-040599795</subfield>
    <subfield code="C">451</subfield>
  </datafield>
  <datafield tag="GSI" ind1="7" ind2=" ">
    <subfield code="a">http://d-nb.info/gnd/123326311</subfield>
    <subfield code="2">uri</subfield>
    <subfield code="A">GND</subfield>
    <subfield code="B">GND-123326311</subfield>
    <subfield code="C">024</subfield>
  </datafield>
</record>
